<record><leader>00000cas a22000007a 4500</leader><controlfield tag="001">22296854</controlfield><controlfield tag="008">900830d19701971couwr ne      0    0eng d</controlfield><datafield ind1=" " ind2=" " tag="010"><subfield code="a">sn 90051603 </subfield></datafield><datafield ind1=" " ind2=" " tag="040"><subfield code="a">CNQ</subfield><subfield code="b">eng</subfield><subfield code="c">CNQ</subfield><subfield code="d">OCLCQ</subfield></datafield><datafield ind1=" " ind2=" " tag="042"><subfield code="a">msc</subfield></datafield><datafield ind1="0" ind2=" " tag="130"><subfield code="a">Longmont scene (Longmont, Colo. : 1970)</subfield></datafield><datafield ind1="1" ind2="4" tag="245"><subfield code="a">The Longmont scene.</subfield></datafield><datafield ind1=" " ind2=" " tag="260"><subfield code="a">Longmont, Colo. :</subfield><subfield code="b">Agnes S. Roberts Pub. Co.</subfield></datafield><datafield ind1=" " ind2=" " tag="300"><subfield code="a">v.</subfield></datafield><datafield ind1=" " ind2=" " tag="310"><subfield code="a">Weekly</subfield></datafield><datafield ind1="0" ind2=" " tag="362"><subfield code="a">Vol. 1, no. 1 (Aug. 27, 1970)-v. 2, no. 15 (Apr. 22, 1971).</subfield></datafield><datafield ind1=" " ind2=" " tag="530"><subfield code="a">Available on microfilm from the Colorado Historical Society.</subfield></datafield><datafield ind1=" " ind2=" " tag="752"><subfield code="a">United States</subfield><subfield code="b">Colorado</subfield><subfield code="c">Boulder</subfield><subfield code="d">Longmont.</subfield></datafield><datafield ind1="0" ind2="7" tag="785"><subfield code="t">Boulder County commercial ledger</subfield><subfield code="w">(DLC)sn 89052239</subfield></datafield><datafield ind1="0" ind2="7" tag="785"><subfield code="t">Longmont scene and the Boulder County commercial ledger</subfield><subfield code="w">(DLC)sn 89052240</subfield></datafield></record>